@article{Franke_2019,
 author = {Franke, Max and Barczok, Ralph and Koch, Steffen and Weltecke, Dorothea},
 title = {Confidence as First-class Attribute in Digital Humanities Data},
 journal = {Proceedings of the 4$^{th}$ VIS4DH Workshop},
 year = {2019},
 month = {10},
 url = {http://vis4dh.dbvis.de/papers/2019/VIS4DH2019_paper_1.pdf},
 organization = {IEEE}
}


